@article{grenier,
    author = "C. Grenier, É. Guérin, É. Galin and B. Sauvage",
    title = "Real-time Terrain Enhancement with Controlled Procedural Patterns",
    year = "2024",
    journal = "Computer Graphics Forum",
    volume = "43",
    issue = "1"
}

@article{hn,
    author = "{\'E}. Heitz, F. Neyret",
    title = "High-Performance By-Example Noise using a Histogram-Preserving Blending Operator",
    year = "2018",
    journal = "Proceedings of the ACM on Computer Graphics and Interactive Techniques",
    volume = "1",
    issue = "2",
    pages = "1--25"
}

@article{nvf,
    title = "Color-mapped noise vector fields for generating procedural
    micro-patterns",
    author = "C. Grenier, B. Sauvage, J.-M. Dischler and S. Thery",
    year = "2022",
    journal = "Computer Graphics Forum",
    volume = "41",
    issue = "7"
}

@article{tessendorf2001simulating,
  title={Simulating ocean water},
  author={Tessendorf, Jerry and others},
  journal={Simulating nature: realistic and interactive techniques. SIGGRAPH},
  volume={1},
  number={2},
  pages={5},
  year={2001}
}

@article{fournier1986simple,
  title={A simple model of ocean waves},
  author={Fournier, Alain and Reeves, William T},
  booktitle={Proceedings of the 13th annual conference on Computer graphics and interactive techniques},
  pages={75--84},
  year={1986}
}

@unpublished{fournier2025dynamic,
  title     = {Dynamic Wave Trains: a Procedural Approach to Spatially Varying Ocean Synthesis},
  author    = {Fournier, R. and Sauvage, B. and Gilet, G.},
  year      = {2025},
  note      = {Preprint, not yet published},
  institution = {ICube, Université de Strasbourg, CNRS, France and Université de Sherbrooke, Canada}
}
